@misc{c++,
	title = {Documentación C++},
	note = {http://www.cplusplus.com/reference/},
	year = {2017}
}

@article{tfg-gonzalo,
	author = {Gonzalo Quevedo García},
	title = {UNA HERRAMIENTA INFORMÁTICA PARA LA PLANIFICACIÓN DEL TRÁFICO AÉREO BAJO INCERTIDUMBRE: Construcción y optimización de un modelo matemático},
	year = {2012}
}
@article{tfg-diego,
	author = {Diego Ruiz Aguado},
	title = {UNA HERRAMIENTA INFORMÁTICA PARA LA PLANIFICACIÓN DEL TRÁFICO AÉREO BAJO INCERTIDUMBRE: gestión de la infomración, modelados de vuelos y optimización},
	year = {2012}
}
@article{thesis-alba,
	abstract = {The Operations Research team at the Rey Juan Carlos University is researching in order to propose innovative solutions to real problems in Air Traffic Management, in collaboration with GMV, a leader company in aeronautics. In this paper we briefly present these problems and the different strategies that we are using to obtain models and schemes to solve them. Decision Theory, Negotiation, Optimal Control Theory (Mixed Integer and Stochastic) Mathematical Programming are the main disciplines that we are applying.},
	author = {Alonso-ayuso, Antonio},
	journal = {BEIO (Bolet{\'{i}}n de Estad{\'{i}}stica e Investigaci{\'{o}}n Operativa)},
	keywords = {Air Traffic Management,Mathematical Programming.},
	number = {1},
	pages = {25--41},
	title = {{Mathematical Optimization in Air Traffic Management}},
	url = {http://www.seio.es/BEIO/Mathematical-Optimization-in-Air-Traffic-Management.html},
	volume = {26},
	year = {2010}
}

@book{metaheurísticas,
	author = {Abraham Duarte Muñoz},
	title = {Metaheurísticas},
	date = {2007},
}
